\label{key}% This file was created with JabRef 2.9.2.
% Encoding: UTF8

@BOOK{prohor,
	title = {Python 3. Самое необходимое},
	publisher = {СПб.: БХВ-Петербург},
	year = {2019},
	author = {Прохоренок, Н. А. and Дронов, В, А.},
	pages = {608},
}

@BOOK{plas,
	title = {Python для сложных задач},
	publisher = {СПб.: Питер},
	year = {2018},
	author = {Дж. Вандер Плас},
	pages = {576},
}

@BOOK{albon,
	title = {Машинное обучение с использованием Python. Сборник рецептов},
	publisher = {СПб.: БХВ-Петербург},
	year = {2019},
	author = {Крис Элбон},
	pages = {384},
}

@BOOK{shild,
	title = {Java 8. Полное руководство. Девятое издание.},
	publisher = {Вильямс},
	year = {2015},
	author = {Г. Шилдт},
	pages = {1376},
	owner = {oam},
	timestamp = {2011.05.10}
}

@BOOK{siera,
	title = {Изучаем Java},
	publisher = {Эксмо},
	year = {2012},
	author = {К. Сьерра},
	pages = {708},
	owner = {oam},
	timestamp = {2011.05.10}
}

@BOOK{monax,
	title = {Язык программирования Java и среда NetBeans. 2-е издание.},
	publisher = {BHV-СПб},
	year = {2009},
	author = {В. Монахов},
	pages = {702},
	owner = {oam},
	timestamp = {2011.05.10}
}

@BOOK{kotelnikov,
	title = {LaTeX по-русски},
	publisher = {СПб.: Корона-Век },
	year = {2016},
	author = {И. Котельников and П. Чеботаев},
	pages = {496},
	owner = {oam},
}

@BOOK{lvovskiy,
	title = {Набор и вёрстка в системе LaTeX},
	publisher = {М.:  МЦНМО},
	year = {2014},
	author = {С. М. Львовский},
	pages = {398,},
	owner = {oam},
}

@MANUAL{RD,
	title = {Сборки тепловыделяющие ядерных реакторов типа ВВЭР-1000 
	ТИПОВАЯ МЕТОДИКА КОНТРОЛЯ ГЕРМЕТИЧНОСТИ ОБОЛОЧЕК ТЕПЛОВЫДЕЛЯЮЩИХ ЭЛЕМЕНТОВ},
	organization = {АО «Концерн Росэнергоатом»},
	year = {2009},
	timestamp = {12.01.2009},
	note = {РД ЭО 1.1.2.10.0521-2009}
}

@MANUAL{RManual,
  title = {R: A Language and Environment for Statistical Computing},
  author = {{R Development Core Team}},
  organization = {R Foundation for Statistical Computing},
  address = {Vienna, Austria},
  year = {2010},
  langid = {english},
  note = {{ISBN} 3-900051-07-0},
  owner = {oam},
  timestamp = {2011.03.28},
  url = {http://www.R-project.org/}
}

@ARTICLE{ emissions,
	title = {Ансамблирование методов обнаружения выбросов при подготовке обучающей выборки данных.},
	author = {Дорофеев, В. С. and Волосатова, Т. М.},
	journal = {Моделирование, оптимизация и информационные технологии.},
	year = {2022},
	number = {10(3)},
	url = {https://moitvivt.ru/ru/journal/pdf?id=1210}
}

@ARTICLE{RANstat, 
	title = {Рекомендации по применению ряда критериев проверки отклонения распределения вероятностей от нормального закона в практике инженерного статистического анализа},
	author = {Александровская, Л. Н. and Кириллин, А. В.},
	journal = {Известия Самарского научного центра РАН},
	year = {2017},
	number = {1-1},
	url = { https://cyberleninka.ru/article/n/rekomendatsii-po-primeneniyu-ryada-kriteriev-proverki-otkloneniya-raspredeleniya-veroyatnostey-ot-normalnogo-zakona-v-praktike}
}

@ARTICLE{corosion,
	title = {Поведение продуктов коррозии в первом контуре ЯЭУ с водным теплоносителем},
	author = {Гусев, Б. А. and Семёнов, В. Г. and Ефимов, А. А. and Панчук, В. В.},
	journal = {Вестник СПбГУ. Серия 4. Физика. Химия.},
	year = {2012},
	number = {4},
	url = {https://cyberleninka.ru/article/n/povedenie-produktov-korrozii-v-pervom-konture-yaeu-s-vodnym-teplonositelem}
}

@ARTICLE{SoetaertRJ2010,
  author = {Karline Soetaert and Thomas Petzoldt and R. Woodrow Setzer},
  title = {Solving differential equations in {R}},
  journal = {The R Journal},
  year = {2010},
  volume = {2},
  pages = {5 -- 15},
  number = {2},
  month = {December},
  langid = {english},
  owner = {oam},
  timestamp = {2011.03.28},
  url = {http://journal.r-project.org/archive/2010-2/RJournal_2010-2_Soetaert~et~al.pdf}
}




@comment{jabref-meta: selector_publisher:}

@comment{jabref-meta: selector_author:}

@comment{jabref-meta: selector_journal:}

@comment{jabref-meta: selector_keywords:}

